<?xml version="1.0" encoding="UTF-8"?><collection xmlns="http://www.loc.gov/MARC21/slim"><record><leader>00371nam--2200121-i-4500</leader><controlfield tag="001">000005898</controlfield><controlfield tag="002">20161230</controlfield><controlfield tag="005">20161230201026</controlfield><controlfield tag="008">060222s1000------------r-----000-0-eng-d</controlfield><datafield ind1=" " ind2=" " tag="100"><subfield code="a">Baurand, Jean</subfield></datafield><datafield ind1=" " ind2=" " tag="245"><subfield code="a">Mesures electriques (continu et basse fre quence). vol.ii: grandeurs magnetiques. appareils electr</subfield></datafield><datafield ind1=" " ind2=" " tag="260"><subfield code="a">Paris, Masson Et C-ie, 1961-1962 306 P</subfield></datafield><datafield ind1=" " ind2=" " tag="852"><subfield code="a">17470</subfield></datafield></record></collection>